<mx:record xmlns="http://www.w3.org/TR/xhtml1/strict" xmlns:mx="http://www.loc.gov/MARC21/slim" xmlns:xsi="http://www.w3.org/2001/XMLSchema-instance"><mx:leader>00000nz   2200000n  4500</mx:leader><mx:controlfield tag="001">oca00465885 </mx:controlfield><mx:controlfield tag="005">19840322000000.0</mx:controlfield><mx:controlfield tag="008">800810n| acannaab|          |b aaa |||  </mx:controlfield><mx:datafield ind1=" " ind2=" " tag="010"><mx:subfield code="a">n  80084660 </mx:subfield></mx:datafield><mx:datafield ind1=" " ind2=" " tag="040"><mx:subfield code="a">DLC</mx:subfield><mx:subfield code="c">DLC</mx:subfield></mx:datafield><mx:datafield ind1="0" ind2=" " tag="100"><mx:subfield code="a">Ekkehard</mx:subfield><mx:subfield code="b">I,</mx:subfield><mx:subfield code="c">Dean of St. Gall,</mx:subfield><mx:subfield code="d">d. 973.</mx:subfield></mx:datafield><mx:datafield ind1="0" ind2=" " tag="400"><mx:subfield code="a">Ekkehardus</mx:subfield><mx:subfield code="b">I,</mx:subfield><mx:subfield code="c">Dean of St. Gall,</mx:subfield><mx:subfield code="d">d. 973.</mx:subfield><mx:subfield code="w">nnaa</mx:subfield></mx:datafield></mx:record>